@online{IBM_risk_management,
  title = {What is risk management? | IBM},
  url = {https://www.ibm.com/topics/risk-management}
}

@online{ENISA,
  title = {Introduction to Return on Security Investment — ENISA},
  url = {https://www.enisa.europa.eu/publications/introduction-to-return-on-security-investment}
}

@phdthesis{Soo_Hoo,
    title    = {How Much is Enough? A Risk-Management Approach to Computer Security},
    school   = {School of Engineering, Stanford University, Stanford, CA},
    author   = {Soo Hoo, K. J.},
    year     = {2000}
}

@techreport{NBS,
    author = {National Bureau of Standards},
    title = {Guideline for The Analysis Local Area Network Security},
    institution = {Washington DC: U.S. Government Printing Office},
    year = {1994}
}

% it is abook...
@article{Vose,
    author = {Vose, D.},
    title = {Monte-Carlo Risk Analysis Modelling},
    journal = {CRC Press Inc.},
    volume = {In Vlasta Molak ed. Fundamentals of Risk Analysis and Risk Management},
    year = {1997},
    pages = {57--78}
}
% National Bureau of Standards, Guideline for The Analysis Local Area
% Network Security, FIPS PUB 191, Washington DC: U.S. Government
% Printing Office, 1994, pp. 26-27.

@article{Khraisat,
    author = {Khraisat, A. and Gondal, I. and Vamplew, P. and Kamruzzaman, J.},
    title = {Survey of intrusion detection systems: techniques, datasets and challenges},
    year = {2019},
    url = {https://cybersecurity.springeropen.com/articles/10.1186/s42400-019-0038-7}
}

@article{Fagade,
    author = {Fagade, T. and Maraslis K. and Tryfonas T.},
    title = {Towards effective cybersecurity resource allocation: the Monte Carlo predictive modelling approach},
    year = {2017},
    url = {https://www.inderscienceonline.com/doi/abs/10.1504/IJCIS.2017.088235}
}

@online{ModelRisk,
  title = {ModelRisk - Vose Software},
  url = {https://www.vosesoftware.com/products/modelrisk/}
}

@online{MATLAB,
  title = {MATLAB - MathWorks - MATLAB \& Simulink},
  url = {https://www.mathworks.com/products/matlab.html}
}

@online{Ponemon,
  title = {Ponemon Institute 2015 Cost of Data Breach Study: Global Analysis},
  year = {2015},
  url = {https://www.ponemon.org/local/upload/file/2015%20Global%20CODB%20FINAL%203%20copy.pdf}
}

@online{Kaspersky,
    title = {Kaspersky Lab (2015) Damage Control: The Cost of Security Breaches, IT Security Risks Special Report Series},
    year = {2015},
    url = {https://media.kaspersky.com/pdf/it-risks-survey-report-cost-of-security-breaches.pdf}
}

@article{Conrad,
    author = {Conrad, J. R.},
    title = {Analyzing the Risks of Information Security Investments with Monte-Carlo Simulations},
    year = {2005},
    url = {https://infosecon.net/workshop/pdf/13.pdf}
}

@online{Sectara,
    title = {Cyber Security And Monte Carlo Simulation},
    url = {https://sectara.com/news/cyber-security-and-monte-carlo-simulation/},
    year = {2020}
}

@article{Kreibich,
    author = {Kreibich, C. and Crowcroft, J.},
    year ={2004},
    title = {Honeycomb: creating intrusion detection signatures using honeypots},
    journal = {SIGCOMM Comput Commun Rev 34(1)},
    pages = {51–56}
}

@online{RiskAMP,
    title = {Risk Analysis using Monte Carlo Simulation},
    year = {2016},
    url = {http://www.riskamp.com/files/Risk%20Analysis%20using%20Monte%20Carlo%20Simulation.pdf}
}

@online{Symantec,
    title = {Internet security threat report 2017},
    year = {2017},
    url = {https://www.symantec.com/content/dam/symantec/docs/reports/istr-22-2017-en.pdf}
}